%% This BibTeX bibliography file was created using BibDesk.
%% https://bibdesk.sourceforge.io/

%% Created for James Crippen at 2024-07-08 11:27:35 -0700 


%% Saved with string encoding Unicode (UTF-8) 



@book{dauenhauer-dauenhauer:2002,
	address = {Juneau, AK},
	author = {Dauenhauer, Nora Marks and Dauenhauer, Richard},
	booktitle = {Lingít x̱ʼéináx̱ sá! Say it in Tlingit: A Tlingit phrasebook},
	date-added = {2024-07-08 11:26:49 -0700},
	date-modified = {2024-07-08 11:27:34 -0700},
	isbn = {0-9679311-1-8},
	keywords = {Language - Tlingit; Pedagogy; Semantics - Classification},
	publisher = {Sealaska Heritage Institute},
	read = {Yes},
	title = {Lingít x̱ʼéináx̱ sá! Say it in Tlingit: A Tlingit phrasebook},
	year = {2002}}

@book{boas:1917,
	address = {Philadelphia},
	author = {Boas, Franz},
	booktitle = {Grammatical notes on the language of the Tlingit Indians},
	date-added = {2024-05-03 11:36:58 -0400},
	date-modified = {2024-05-03 11:36:58 -0400},
	eprint = {TL888B1917},
	eprinttype = {anla},
	keywords = {Language - Tlingit},
	library = {PM2455.B6},
	number = {1},
	publisher = {University of Pennsylvania},
	read = {Yes},
	series = {University Museum Anthropological Publications},
	title = {Grammatical notes on the language of the Tlingit Indians},
	volume = {8},
	year = {1917}}

@unpublished{waterman:1922,
	author = {Waterman, Thomas T.},
	date-added = {2024-04-01 11:03:28 -0400},
	date-modified = {2024-04-01 11:03:28 -0400},
	eprint = {TL922W1299},
	eprinttype = {anla},
	keywords = {Language - Tlingit - Southern; Language - Tlingit - Sanya; Language - Tlingit - Tongass; First Nations - Tlingit; Anthropology - Ethnogeography},
	note = {Unpublished manuscript (National Anthropological Archives, Bureau of American Ethnology mss.\ 2938 \& 2915)},
	title = {Tlingit geographical names for extreme Southeast Alaska, with historical and other notes},
	year = {1922}}

@book{thornton:2012,
	address = {Seattle},
	booktitle = {Haa léelkʼw has aaní saaxʼú: Our grandparents’ names on the land},
	date-added = {2024-04-01 11:03:21 -0400},
	date-modified = {2024-04-01 11:03:21 -0400},
	editor = {Thornton, Thomas F.},
	isbn = {978-0-295-98858-0},
	keywords = {First Nations - Tlingit; Anthropology - Ethnogeography; Anthropology - Language - Names - Placenames},
	library = {E99.T6 H2185 2012},
	publisher = {University of Washington Press},
	title = {Haa léelkʼw has aaní saaxʼú: Our grandparents’ names on the land},
	year = {2012}}

@unpublished{leer:1975h,
	author = {Leer, Jeff},
	date-added = {2024-04-01 10:49:52 -0400},
	date-modified = {2024-04-01 10:49:52 -0400},
	eprint = {TL962L1975h},
	eprinttype = {anla},
	keywords = {Language - Tlingit; Language - Tlingit - Southern; Language - Tlingit - Sanya; Language - Tlingit - Henya; Language - Tlingit - Kake; Language - Tlingit - Sitka},
	note = {Unpublished field notes},
	title = {Tlingit field notes from Sitka, Ketchikan, Klawock, and Kake},
	year = {1975}}

@unpublished{leer:1969,
	author = {Leer, Jeff},
	date-added = {2024-04-01 10:49:18 -0400},
	date-modified = {2024-04-01 10:49:18 -0400},
	eprint = {TL962L1969},
	eprinttype = {anla},
	keywords = {Language - Tlingit; Language - Tlingit - Southern; Language - Tlingit - Sanya; Language - Tlingit - Tongass; Text - Narrative},
	note = {Unpublished manuscript},
	title = {Miscellaneous transcriptions, 1969–1974; includes narratives by Andrew Wanamaker (1967, 5 texts, 24 pp.), Frank Johnson (1972), and Jessie Natkong (1973)},
	year = {1969}}

@unpublished{leer:1975g,
	author = {Leer, Jeff},
	date-added = {2024-04-01 10:48:50 -0400},
	date-modified = {2024-04-01 10:48:50 -0400},
	eprint = {TL962L1975g},
	eprinttype = {anla},
	keywords = {Language - Tlingit; Language - Tlingit - Southern; Language - Tlingit - Henya; Language - Tlingit - Tongass},
	note = {Unpublished field notes including Southern and Tongass Tlingit, 4 notebooks, 115 pp.},
	title = {Miscellaneous Tlingit materials, 1975},
	year = {1975}}

@unpublished{harrington:1939c,
	author = {Harrington, John P.},
	date-added = {2024-04-01 10:43:43 -0400},
	date-modified = {2024-04-01 10:43:43 -0400},
	eprint = {TL939H1939c},
	eprinttype = {anla},
	keywords = {Language - Tlingit; Language - Tlingit - Southern; Language - Tlingit - Henya; First Nations - Tlingit},
	note = {Unpublished field notes},
	title = {Velten and Boas forms rhd with [Thomas] Skeek},
	year = {1939},
	annote = {Work done in December 1939 and January 1940 at a hospital in Seattle with Skeek, from Kake. Much food Tlingit language data.}}

@article{velten:1939,
	author = {Velten, Henry},
	date-added = {2024-04-01 10:42:28 -0400},
	date-modified = {2024-04-01 10:42:28 -0400},
	eprint = {1263225},
	eprinttype = {jstor},
	issn = {0020-7071},
	journal = {International Journal of American Linguistics},
	keywords = {Language - Tlingit; Language - Tlingit - Southern; Text - Narrative; Anthropology - Oral tradition; Anthropology - Mythology},
	number = {2/3},
	pages = {65-74},
	read = {Yes},
	title = {Two southern Tlingit tales},
	volume = {10},
	year = {1939}}

@article{velten:1944,
	author = {Velten, Henry},
	date-added = {2024-04-01 10:42:28 -0400},
	date-modified = {2024-04-01 10:42:28 -0400},
	eprint = {1262786},
	eprinttype = {jstor},
	issn = {0020-7071},
	journal = {International Journal of American Linguistics},
	keywords = {Language - Tlingit; Text - Narrative; Anthropology - Oral tradition; Anthropology - Mythology; Language - Tlingit - Southern},
	number = {4},
	pages = {168-180},
	read = {Yes},
	title = {Three Tlingit stories},
	volume = {10},
	year = {1944}}

@book{dauenhauer-dauenhauer:1990,
	address = {Seattle},
	author = {Dauenhauer, Nora Marks and Dauenhauer, Richard},
	booktitle = {Haa tuwunáagu yís: For healing our spirit},
	date-added = {2024-03-14 16:39:45 -0400},
	date-modified = {2024-03-14 16:39:53 -0400},
	isbn = {0-295-96850-8},
	keywords = {Language - Tlingit; Anthropology - Oral tradition; Text - Oratory},
	library = {E99.T6 H23 1990},
	publisher = {University of Washington Press},
	read = {Yes},
	series = {Classics of Tlingit oral literature},
	title = {Haa tuwunáagu yís: For healing our spirit},
	volume = {2},
	year = {1990}}

@book{rice:1989,
	address = {Berlin},
	author = {Rice, Keren},
	date-added = {2024-03-14 15:17:45 -0400},
	date-modified = {2024-03-14 15:17:45 -0400},
	isbn = {0-89925-140-4},
	keywords = {Family - Dene; Family - Dene - Northern; Language - Slave; Grammar},
	library = {PM2365.R53 1989},
	publisher = {Mouton de Gruyter},
	series = {Mouton grammar library},
	title = {A grammar of Slave},
	volume = {5},
	year = {1989}}

@unpublished{krauss:2015,
	author = {Krauss, Michael E.},
	date-added = {2024-03-14 15:01:52 -0400},
	date-modified = {2024-03-14 15:01:52 -0400},
	eprint = {EY961K2015},
	eprinttype = {anla},
	keywords = {Language - Eyak; Family - Na-Dene; Grammar},
	note = {Unpublished manuscript},
	title = {Eyak grammar},
	year = {2015}}

@unpublished{krauss:1970,
	author = {Krauss, Michael E.},
	date-added = {2024-03-14 15:01:31 -0400},
	date-modified = {2024-03-14 15:01:31 -0400},
	eprint = {EY961K1970b},
	eprinttype = {anla},
	keywords = {Language - Eyak; Family - Na-Dene; Grammar; Lexicography - Dictionary},
	note = {Unpublished manuscript},
	title = {Eyak dictionary},
	year = {1970}}

@unpublished{leer:2008,
	author = {Leer, Jeff},
	date-added = {2024-03-14 14:59:11 -0400},
	date-modified = {2024-03-14 14:59:11 -0400},
	eprint = {CA965L2008b},
	eprinttype = {anla},
	keywords = {Family - Na-Dene; Historical linguistics; Family - Dene; Language - Eyak; Language - Tlingit},
	note = {Unpublished manuscript},
	read = {Yes},
	title = {Recent advances in AET comparison},
	year = {2008}}

@book{krauss-leer:1981,
	address = {Fairbanks, AK},
	author = {Krauss, Michael E. and Leer, Jeff},
	booktitle = {Athapaskan, Eyak, and Tlingit sonorants},
	date-added = {2024-03-14 14:58:32 -0400},
	date-modified = {2024-03-14 14:58:32 -0400},
	eprint = {CA962KL1981},
	eprinttype = {anla},
	keywords = {Family - Na-Dene; Family - Dene; Language - Eyak; Language - Tlingit; Phonology - Sonorants; Historical linguistics},
	publisher = {Alaska Native Language Center},
	read = {Yes},
	series = {Alaska Native Language Center Research Papers},
	title = {Athapaskan, Eyak, and Tlingit sonorants},
	volume = {5},
	year = {1981}}

@mastersthesis{naish:1966,
	address = {London},
	author = {Naish, Constance M.},
	cites = {boas:1917, swanton:1911, story:1966},
	date-added = {2024-03-08 14:07:55 -0500},
	date-modified = {2024-03-08 14:07:55 -0500},
	eprint = {TL959N1966},
	eprinttype = {anla},
	keywords = {Language - Tlingit; Syntax},
	read = {Yes},
	school = {School of Oriental and African Languages, University of London},
	title = {A syntactic study of Tlingit},
	type = {master’s thesis},
	year = {1966}}

@book{de-laguna:1972,
	address = {Washington, DC},
	author = {De Laguna, Frederica},
	booktitle = {Under Mount Saint Elias: The History and Culture of the Yakutat Tlingit},
	date-added = {2024-03-03 11:20:40 -0500},
	date-modified = {2024-03-03 11:20:40 -0500},
	doi = {10.5479/si.00810223.7.2},
	keywords = {First Nations - Tlingit; Place - Alaska - Gulf Coast - Yakutat; Anthropology - Ethnography; Anthropology; Language - Tlingit; Anthropology - Kinship},
	library = {GN1.S54 vol. 7 E99 T6},
	publisher = {Smithsonian Institution Press},
	read = {Yes},
	series = {Smithsonian Contributions to Anthropology},
	title = {Under Mount Saint Elias: The History and Culture of the Yakutat Tlingit},
	volume = {7 (in three parts)},
	year = {1972},
	annote = {Part 1: DOI 10.5479/si.00810223.7.1
Part 2: DOI 10.5479/si.00810223.7.2
Part 3: DOI 10.5479/si.00810223.7.3}}

@unpublished{leer:1995b,
	author = {Leer, Jeff},
	date-added = {2024-03-02 11:15:34 -0500},
	date-modified = {2024-03-02 11:20:44 -0500},
	eprint = {TL962L1995b},
	eprinttype = {anla},
	keywords = {Language - Tlingit - Inland; Language - Tlingit; Lexicography - Wordlist},
	note = {Unpublished field notes},
	title = {Tlingit field notes with Elizabeth Nyman},
	year = {1995}}

@inbook{kelly-willard:1905,
	address = {Washington, D.C.},
	author = {Kelly, William A. and Willard, Frances H.},
	booktitle = {Report of the Commissioner of Education},
	chapter = {10},
	date-added = {2023-08-28 17:07:00 -0700},
	date-modified = {2023-08-28 17:07:00 -0700},
	eprint = {TL904KW1905},
	eprinttype = {anla},
	keywords = {Language - Tlingit},
	pages = {715-766},
	publisher = {U.S. Government Printing Office},
	series = {Annual reports of the Department of the Interior for the fiscal year ended June 30, 1904},
	title = {Grammar and vocabulary of the Hlingĭt language of Southeastern Alaska},
	volume = {1},
	year = {1905}}

@phdthesis{eggleston:2013b,
	address = {Fairbanks, AK},
	author = {Eggleston, Keri},
	cites = {eggleston:2013a},
	date-added = {2023-08-04 14:33:33 -0700},
	date-modified = {2023-08-04 14:33:33 -0700},
	eprint = {TL005E2013},
	eprinttype = {anla},
	keywords = {Language - Tlingit; Family - Na-Dene; Morphology - Verb; Lexicography},
	school = {University of Alaska},
	title = {575 Tlingit verbs: The paradigms},
	type = {PhD dissertation},
	volume = {2},
	year = {2013}}

@unpublished{eggleston:2017,
	author = {Eggleston, Keri},
	date-added = {2023-08-04 14:33:33 -0700},
	date-modified = {2023-08-04 14:33:33 -0700},
	keywords = {Language - Tlingit; Lexicography - Wordlist; Lexicography - Dictionary - Paradigmatic},
	note = {Unpublished online resource},
	title = {Online Tlingit verb dictionary: A database of over 1,100 conjugated Tlingit verbs},
	url = {http://ankn.uaf.edu/~tlingitverbs/},
	year = {2017},
	bdsk-url-1 = {http://ankn.uaf.edu/~tlingitverbs/}}

@book{enrico:2005,
	address = {Fairbanks, AK},
	author = {Enrico, John},
	date-added = {2023-07-06 14:00:34 -0700},
	date-modified = {2023-07-06 14:00:34 -0700},
	isbn = {1-55500-087-8},
	keywords = {Language - Haida; Lexicography - Dictionary; Lexicography - Dictionary - Etymological},
	library = {PM1273.E57 2005},
	publisher = {Alaska Native Language Center},
	title = {Haida dictionary: Skidegate, Masset, and Alaskan dialects},
	year = {2005}}

@book{leer-hitch-ritter:2001,
	address = {Whitehorse, YT},
	author = {Leer, Jeff and Hitch, Doug and Ritter, John},
	date-added = {2023-07-06 13:18:27 -0700},
	date-modified = {2023-07-06 13:18:27 -0700},
	isbn = {1-55242-227-5},
	keywords = {Language - Tlingit; Lexicography - Dictionary; Language - Tlingit - Inland; Morphology - Noun; Semantics - Classification},
	publisher = {Yukon Native Language Centre},
	read = {Yes},
	title = {Interior Tlingit noun dictionary: The dialects spoken by Tlingit elders of Carcross and Teslin, Yukon, and Atlin, British Columbia},
	year = {2001}}

@incollection{leer:2000b,
	author = {Leer, Jeff},
	chapter = {7},
	crossref = {fernald-platero:2000},
	date-added = {2023-06-23 10:40:15 -0700},
	date-modified = {2023-06-23 10:40:15 -0700},
	eprint = {CA965L2000},
	eprinttype = {anla},
	keywords = {Language - Tlingit; Family - Dene; Language - Eyak; Proto-Athabaskan language; Proto-Athabaskan-Eyak language; Semantics - Polarity - Negation; Semantics - Mood - Irrealis},
	pages = {101-138},
	title = {The negative/irrealis category in Athabaskan-Eyak-Tlingit}}

@unpublished{leer:1976a,
	author = {Leer, Jeff},
	date-added = {2023-06-13 12:04:21 -0700},
	date-modified = {2023-06-13 12:04:21 -0700},
	eprint = {TL962L1975n},
	eprinttype = {anla},
	keywords = {Language - Tlingit; Lexicography - Wordlist},
	note = {Unpublished manuscript},
	title = {Tlingit verb catalog},
	year = {1976}}

@book{nyman-leer:1993,
	address = {Fairbanks, AK},
	author = {Nyman, Elizabeth and Leer, Jeff},
	booktitle = {Gagiwdul.at: Brought forth to reconfirm. The legacy of a Taku River Tlingit clan},
	date-added = {2023-06-13 10:53:11 -0700},
	date-modified = {2023-06-13 10:53:11 -0700},
	isbn = {1-55500-048-7},
	keywords = {Language - Tlingit; Anthropology - Mythology; Anthropology - Folklore; Anthropology - Oral History; Anthropology - Oral tradition; Text - Narrative; Text - Oral history; Place - Alaska - Southeast - Taku River; Place - British Columbia - Taku River; Place - British Columbia - Atlin},
	library = {E99.T6 N94 1993},
	publisher = {Alaska Native Language Center},
	read = {Yes},
	title = {Gágiwduł.àt: Brought forth to reconfirm. The legacy of a Taku River Tlingit clan},
	year = {1993}}

@book{dauenhauer-dauenhauer:1987,
	address = {Seattle},
	author = {Dauenhauer, Nora Marks and Dauenhauer, Richard},
	booktitle = {Haa shuká, our ancestors: Tlingit oral narratives},
	date-added = {2023-06-13 10:46:24 -0700},
	date-modified = {2023-06-13 10:46:24 -0700},
	isbn = {0-295-96495-2},
	keywords = {Language - Tlingit; Anthropology - Mythology; Anthropology - Folklore; Anthropology - Oral tradition; Text - Oratory; Text - Narrative},
	library = {E99.T6 H22 1987},
	publisher = {University of Washington Press},
	read = {Yes},
	series = {Classics of Tlingit oral literature},
	title = {Haa shuká, our ancestors: Tlingit oral narratives},
	volume = {1},
	year = {1987}}

@mastersthesis{story:1966,
	address = {London},
	author = {Story, Gillian L.},
	cites = {boas:1917, swanton:1911, naish:1966},
	date-added = {2023-05-20 10:03:31 -0700},
	date-modified = {2023-05-20 10:03:31 -0700},
	eprint = {TL959S1966},
	eprinttype = {anla},
	keywords = {Language - Tlingit; Morphology},
	read = {Yes},
	school = {School of Oriental and African Languages, University of London},
	title = {A morphological study of Tlingit},
	type = {master's thesis},
	year = {1966}}

@unpublished{comrie:2008,
	author = {Comrie, Bernard and Haspelmath, Martin and Bickel, Balthasar},
	date-added = {2022-07-07 15:47:15 -0700},
	date-modified = {2022-07-07 15:47:15 -0700},
	keywords = {Linguistic theory; Morphology; Language documentation - Transcription},
	note = {Revised version, February 2008.},
	read = {Yes},
	title = {The Leipzig glossing rules: Conventions for interlinear morpheme-by-morpheme glosses},
	url = {http://www.eva.mpg.de/lingua/resources/glossing-rules.php},
	year = {2008}}

@book{swanton:1909,
	address = {Washington, DC},
	author = {Swanton, John R.},
	booktitle = {Tlingit myths and texts},
	date-added = {2022-07-04 15:56:56 -0700},
	date-modified = {2022-07-04 15:56:56 -0700},
	eprint = {TL901S1909},
	eprinttype = {anla},
	keywords = {Language - Tlingit; Anthropology - Oral tradition; Anthropology - Mythology; Anthropology},
	library = {PM2455.Z73 S8 1909},
	publisher = {U.S. Government Printing Office},
	read = {Yes},
	series = {Bulletins of the Smithsonian Institution Bureau of American Ethnology},
	title = {Tlingit myths and texts},
	volume = {39},
	year = {1909},
	annote = {HDL http://hdl.handle.net/10088/15506}}

@book{story-naish:1973,
	address = {Fairbanks, AK},
	author = {Story, Gillian L. and Naish, Constance M.},
	booktitle = {Tlingit verb dictionary},
	date-added = {2022-05-30 11:22:57 -0400},
	date-modified = {2022-05-30 11:22:57 -0400},
	eprint = {TL959NS1973},
	eprinttype = {anla},
	isbn = {0-933769-25-3},
	keywords = {Language - Tlingit; Morphology; Morphology - Verb; Lexicography - Dictionary},
	publisher = {Alaska Native Language Center},
	read = {Yes},
	title = {Tlingit verb dictionary},
	year = {1973}}

@unpublished{krauss:1981a,
	author = {Krauss, Michael E.},
	date-added = {2022-05-13 11:44:33 -0400},
	date-modified = {2022-05-13 11:44:33 -0400},
	eprint = {EY961K1976},
	eprinttype = {anla},
	keywords = {Language - Eyak; Family - Na-Dene; Morphology; Lexicography - Wordlist},
	note = {Unpublished manuscript},
	title = {Eyak morpheme list},
	year = {1981}}

@book{leer:1978,
	address = {Fairbanks, AK},
	author = {Williams, Frank and Williams, Emma and Leer, Jeff},
	date-added = {2022-05-13 11:31:30 -0400},
	date-modified = {2022-05-13 11:31:30 -0400},
	eprint = {TL978WWL1978},
	eprinttype = {anla},
	keywords = {Language - Tlingit; Text - Narrative; Anthropology - Oral tradition; Language - Tlingit - Tongass},
	publisher = {Alaska Native Language Center},
	read = {Yes},
	title = {Tongass Texts},
	year = {1978}}

@unpublished{leer:1963,
	author = {Leer, Jeff},
	date-added = {2022-05-03 14:58:24 -0400},
	date-modified = {2022-05-03 14:58:24 -0400},
	eprint = {TL962L1963},
	eprinttype = {anla},
	keywords = {Language - Tlingit},
	note = {Unpublished dictionary manuscript},
	title = {Tlingit verb stem file},
	year = {1963}}

@phdthesis{eggleston:2013a,
	address = {Fairbanks, AK},
	author = {Eggleston, Keri},
	cites = {eggleston:2013b},
	date-added = {2022-03-04 17:25:21 -0500},
	date-modified = {2022-03-04 17:25:21 -0500},
	eprint = {TL005E2013},
	eprinttype = {anla},
	keywords = {Language - Tlingit; Family - Na-Dene; Morphology - Verb; Lexicography},
	school = {University of Alaska},
	title = {575 Tlingit verbs: A study of Tlingit verb paradigms},
	type = {PhD dissertation},
	volume = {1},
	year = {2013}}

@phdthesis{henderson:2013a,
	address = {Santa Cruz, CA},
	author = {Henderson, Robert},
	date-added = {2022-03-01 12:53:14 -0500},
	date-modified = {2022-03-01 12:53:14 -0500},
	keywords = {Semantics - Event structure - Pluractional; Semantics - Plurality; Semantics - Predication - Plural; Language - Kaqchikel; Family - Mayan; Family - Mayan - Kʼichean},
	school = {University of California Santa Cruz},
	title = {Ways of pluralizing events},
	type = {PhD dissertation},
	year = {2013}}

@unpublished{leer:1976,
	author = {Leer, Jeff},
	date-added = {2022-02-28 14:40:57 -0500},
	date-modified = {2022-02-28 14:40:57 -0500},
	eprint = {TL962L1975n},
	eprinttype = {anla},
	keywords = {Language - Tlingit; Lexicography - Wordlist},
	note = {Unpublished manuscript},
	title = {Tlingit verb catalog},
	year = {1976}}

@unpublished{leer:1973,
	author = {Leer, Jeff},
	date-added = {2022-02-28 14:40:52 -0500},
	date-modified = {2022-02-28 14:40:52 -0500},
	eprint = {TL962L1973g},
	eprinttype = {anla},
	keywords = {Language - Tlingit; Lexicography - Wordlist},
	note = {Unpublished manuscript},
	title = {Tlingit stem collection},
	year = {1973}}

@phdthesis{crippen:2019,
	address = {Vancouver},
	author = {Crippen, James A.},
	date-added = {2022-02-27 14:42:31 -0500},
	date-modified = {2022-02-27 14:42:31 -0500},
	eprint = {005047},
	eprinttype = {lingbuzz},
	keywords = {Language - Tlingit; Syntax - Verbs; Syntax - Polysynthesis; Morphology - Verb},
	school = {University of British Columbia},
	title = {The syntax in Tlingit verbs},
	type = {PhD dissertation},
	year = {2019}}

@book{kari:1979,
	address = {Fairbanks, AK},
	author = {Kari, James},
	booktitle = {Athabaskan verb theme categories},
	date-added = {2022-02-27 12:42:13 -0500},
	date-modified = {2022-02-27 12:42:13 -0500},
	keywords = {Language - Ahtna; Family - Dene - Northern; Family - Dene; Family - Na-Dene; Morphology - Verb},
	number = {2},
	publisher = {Alaska Native Language Center},
	series = {Alaska Native Language Center Research Papers},
	title = {Athabaskan verb theme categories: Ahtna},
	year = {1979}}

@book{edwards:2009,
	address = {Juneau, AK},
	author = {Edwards, Keri},
	booktitle = {Dictionary of Tlingit},
	cites = {leer:1991, story:1973, story:1966, naish:1966, naish:1976, naish:1963},
	date-added = {2022-02-27 12:41:51 -0500},
	date-modified = {2022-02-27 12:41:51 -0500},
	eprint = {TL005E2009},
	eprinttype = {anla},
	isbn = {978-1-44-040127-5},
	keywords = {Language - Tlingit; Lexicography - Dictionary; Morphology - Verb},
	publisher = {Sealaska Heritage Institute},
	title = {Dictionary of Tlingit},
	year = {2009}}

@unpublished{leer:1978b,
	author = {Leer, Jeff},
	date-added = {2022-02-27 12:41:44 -0500},
	date-modified = {2022-02-27 12:41:44 -0500},
	eprint = {TL962L1975m},
	eprinttype = {anla},
	keywords = {Language - Tlingit; Lexicography - Wordlist; Morphology - Verb; Morphology - Word - Structure},
	month = {6},
	note = {Unpublished manuscript},
	title = {Tlingit stem list},
	year = {1978}}

@phdthesis{leer:1991,
	address = {Chicago},
	author = {Leer, Jeff},
	date-added = {2022-02-27 12:41:34 -0500},
	date-modified = {2022-02-27 12:41:34 -0500},
	eprint = {TL962L1991},
	eprinttype = {anla},
	keywords = {Language - Tlingit; Historical linguistics; Language - Tlingit - Tongass; Language - Tlingit - Southern; Morphology; Morphology - Verb; Phonology; Semantics - Aspect; Semantics - Tense; Semantics - Telicity; Semantics},
	read = {Yes},
	school = {University of Chicago},
	title = {The schetic categories of the Tlingit verb},
	type = {PhD dissertation},
	year = {1991}}

@book{fernald-platero:2000,
	address = {Oxford},
	booktitle = {The Athabaskan languages: Perspectives on a Native American language family},
	date-added = {2023-06-23 10:40:25 -0700},
	date-modified = {2023-06-23 10:40:25 -0700},
	editor = {Fernald, Theodore B. and Platero, Paul R.},
	isbn = {0-19-511947-9},
	keywords = {Family - Dene},
	library = {PM641.A92 1996},
	number = {24},
	publisher = {Oxford University Press},
	series = {Oxford studies in anthropological linguistics},
	title = {The Athabaskan languages: Perspectives on a Native American language family},
	year = {2000}}
